
@book{@5161-RAESF,
keywords          = {,20240914ZILIO,MONO1,7moCongresoMKT},
author            = {RAE},
title             = {Diccionario de la lengua española},
year              = {s/f},
hyphenation       = {spanish},
url               = {https://www.rae.es/diccionario-estudiante/r%C3%ADo},
}

@Comment{gbTeXpublisher: databaseType:biblatex; fecha de creación: 22/10/2024;}